@article{2015_collisions,
	year={2015},
	issn={1612-4642},
	journal={European Journal of Wildlife Research},
	volume={61},
	number={5},
	doi={10.1007/s10344-015-0950-4},
	title={Does regional landscape connectivity influence the location of roe deer roadkill hotspots?},
	url={http://dx.doi.org/10.1007/s10344-015-0950-4},
	publisher={Springer Berlin Heidelberg},
	keywords={Wildlife-vehicle collisions; Connectivity; Landscape graph; Circuit theory; Capreolus capreolus},
	author={Girardet, Xavier and Conruyt-Rogeon, Géraldine and Foltête, Jean-Christophe},
	pages={731-742},
	language={English}
}

@article{2015_monkey,
title = "Assessing the impact of road developments on connectivity across multiple scales: Application to Yunnan snub-nosed monkey conservation ",
journal = "Biological Conservation ",
volume = "192",
number = "",
pages = "207 - 217",
year = "2015",
note = "",
issn = "0006-3207",
doi = "http://dx.doi.org/10.1016/j.biocon.2015.09.029",
url = "http://www.sciencedirect.com/science/article/pii/S0006320715301087",
author = "Celine Clauzel and Deng Xiqing and Wu Gongsheng and Patrick Giraudoux and Li Li",
keywords = "Graph-based approach",
keywords = "Environmental impact assessment",
keywords = "Mitigation scenarios",
keywords = "Fragmentation",
keywords = "Species conservation "
}

@article{2015_addpatch_rainette,
title = "Integrating regional-scale connectivity in habitat restoration: An application for amphibian conservation in eastern France ",
journal = "Journal for Nature Conservation ",
volume = "23",
number = "",
pages = "98 - 107",
year = "2015",
note = "",
issn = "1617-1381",
doi = "http://dx.doi.org/10.1016/j.jnc.2014.07.001",
url = "http://www.sciencedirect.com/science/article/pii/S161713811400065X",
author = "Celine Clauzel and Cyrielle Bannwarth and Jean-Christophe Foltete",
keywords = "Amphibian conservation",
keywords = "Connectivity",
keywords = "Habitat restoration",
keywords = "Hyla arborea",
keywords = "Landscape graphs "
}

@article{2014_LUP,
title = "A methodological framework for the use of landscape graphs in land-use planning ",
journal = "Landscape and Urban Planning ",
volume = "124",
number = "",
pages = "140 - 150",
year = "2014",
note = "",
issn = "0169-2046",
doi = "http://dx.doi.org/10.1016/j.landurbplan.2013.12.012",
url = "http://www.sciencedirect.com/science/article/pii/S0169204613002430",
author = "Jean-Christophe Foltête and Xavier Girardet and Céline Clauzel",
keywords = "Functional connectivity",
keywords = "Decision support",
keywords = "Ecological network",
keywords = "Prioritisation",
keywords = "Mitigation",
keywords = "Impact assessment "
}

@article{2012_graphab_EMS,
title = "A software tool dedicated to the modelling of landscape networks ",
journal = "Environmental Modelling and Software ",
volume = "38",
number = "",
pages = "316 - 327",
year = "2012",
note = "",
issn = "1364-8152",
doi = "http://dx.doi.org/10.1016/j.envsoft.2012.07.002",
url = "http://www.sciencedirect.com/science/article/pii/S1364815212001995",
author = "Jean-Christophe Foltête and Céline Clauzel and Gilles Vuidel",
keywords = "Landscape graph",
keywords = "Connectivity metrics",
keywords = "Least-cost distance",
keywords = "Field observations",
keywords = "Network analysis "
}

@article{2012_SDM,
	year={2012},
	issn={0921-2973},
	journal={Landscape Ecology},
	volume={27},
	number={4},
	doi={10.1007/s10980-012-9709-4},
	title={Integrating graph-based connectivity metrics into species distribution models},
	url={http://dx.doi.org/10.1007/s10980-012-9709-4},
	publisher={Springer Netherlands},
	keywords={Graph theory; Fragmented habitat; Metapopulation; Landscape connectivity; Landscape metric; Predictive model},
	author={Foltête, Jean-Christophe and Clauzel, Céline and Vuidel, Gilles and Tournant, Pierline},
	pages={557-569},
	language={English}
}

@article{Bodin2010,
title = "Ranking individual habitat patches as connectivity providers: Integrating network analysis and patch removal experiments ",
journal = "Ecological Modelling ",
volume = "221",
number = "19",
pages = "2393 - 2405",
year = "2010",
note = "",
issn = "0304-3800",
doi = "http://dx.doi.org/10.1016/j.ecolmodel.2010.06.017",
url = "http://www.sciencedirect.com/science/article/pii/S0304380010002863",
author = "Orjan Bodin and Santiago Saura",
keywords = "Landscape fragmentation",
keywords = "Landscape ecology",
keywords = "Land use planning",
keywords = "Conservation management",
keywords = "Network analysis",
keywords = "Graph theory "
}

@article {Saura2010,
	author = {Saura, Santiago and Rubio, Lidón},
	title = {A common currency for the different ways in which patches and links can contribute to habitat availability and connectivity in the landscape},
	journal = {Ecography},
	volume = {33},
	number = {3},
	publisher = {Blackwell Publishing Ltd},
	issn = {1600-0587},
	url = {http://dx.doi.org/10.1111/j.1600-0587.2009.05760.x},
	doi = {10.1111/j.1600-0587.2009.05760.x},
	pages = {523--537},
	year = {2010},
}

@article{Ricotta2010,
	author = "C. Ricotta and A. Stanisci and G.C. Avena and C. Blasi",
	title = "Quantifying the network connectivity of landscape mosaics: a graph-theoretical approach",
	journal = "Community Ecology",
	volume = 1,
	number = 1,
	pages = "89-94",
	year = 2010
}

@article{Saura2009,
title = "Conefor Sensinode 2.2: A software package for quantifying the importance of habitat patches for landscape connectivity ",
journal = "Environmental Modelling and Software ",
volume = "24",
number = "1",
pages = "135 - 139",
year = "2009",
note = "",
issn = "1364-8152",
doi = "http://dx.doi.org/10.1016/j.envsoft.2008.05.005",
url = "http://www.sciencedirect.com/science/article/pii/S1364815208000959",
author = "Santiago Saura and Josep Torné",
keywords = "Connectivity",
keywords = "Conservation priorities",
keywords = "Graph theory",
keywords = "Landscape planning",
keywords = "Habitat availability",
keywords = "Ecological networks",
keywords = "Landscape patterns "
}

@article{Brandes2008,
	author={Brandes, U. and Delling, D. and Gaertler, M. and Gorke, R. and Hoefer, M. and Nikoloski, Z. and Wagner, D.},
	journal={Knowledge and Data Engineering, IEEE Transactions on},
	title={On Modularity Clustering},
	year={2008},
	volume={20},
	number={2},
	pages={172-188},
	keywords={graph theory;greedy algorithms;integer programming;linear programming;pattern clustering;graph clustering;greedy agglomerative approach;integer linear programming formulation;modularity clustering;Clustering;Combinatorial algorithms;Computations on discrete structures;G.1.6.a Constrained optimization;Graph Theory;Graphs and networks;Inter programming;Knowledge and data engineering tools and techniques;Mathematics and statistics},
	doi={10.1109/TKDE.2007.190689},
	ISSN={1041-4347},
}

@article{McRae2008,
title="USING CIRCUIT THEORY TO MODEL CONNECTIVITY IN ECOLOGY, EVOLUTION, AND CONSERVATION",
author = "McRae, Brad H. and Dickson, Brett G. and Keitt, Timothy H. and Shah, Viral B.",
year = 2008,
doi = "10.1890/07-1861.1",
url = "http://dx.doi.org/10.1890/07-1861.1",
journal = "Ecology",
volume = "89",
number = "10",
pages = "2712 - 2724",
publisher = "Ecological Society of America"
}

@article{Saura2007,
title = "A new habitat availability index to integrate connectivity in landscape conservation planning: Comparison with existing indices and application to a case study ",
journal = "Landscape and Urban Planning ",
volume = "83",
number = "2–3",
pages = "91 - 103",
year = "2007",
note = "",
issn = "0169-2046",
doi = "http://dx.doi.org/10.1016/j.landurbplan.2007.03.005",
url = "http://www.sciencedirect.com/science/article/pii/S0169204607000709",
author = "Santiago Saura and Lucía Pascual-Hortal",
keywords = "Ecological networks",
keywords = "Landscape connectivity",
keywords = "Patches prioritization",
keywords = "Graphs",
keywords = "Reserve design",
keywords = "Connectivity metrics "
}

@article{Pascual2006,
	year={2006},
	issn={0921-2973},
	journal={Landscape Ecology},
	volume={21},
	number={7},
	doi={10.1007/s10980-006-0013-z},
	title={Comparison and development of new graph-based landscape connectivity indices: towards the priorization of habitat patches and corridors for conservation},
	url={http://dx.doi.org/10.1007/s10980-006-0013-z},
	publisher={Kluwer Academic Publishers},
	keywords={Connectivity; Conservation priorities; Corridors; Graph theory; Habitat fragmentation; Habitat loss; Landscape metrics; Landscape planning; Patches; Spatial indices},
	author={Pascual-Hortal, Lucía and Saura, Santiago},
	pages={959-967},
	language={English}
}

@article{OBrien2006,
title = "Testing the importance of spatial configuration of winter habitat for woodland caribou: An application of graph theory ",
journal = "Biological Conservation ",
volume = "130",
number = "1",
pages = "70 - 83",
year = "2006",
note = "",
issn = "0006-3207",
doi = "http://dx.doi.org/10.1016/j.biocon.2005.12.014",
url = "http://www.sciencedirect.com/science/article/pii/S0006320705005458",
author = "Dan O’Brien and Micheline Manseau and Andrew Fall and Marie-Josée Fortin",
keywords = "Functional connectivity",
keywords = "Graph theory",
keywords = "Landscape configuration",
keywords = "Land management",
keywords = "Resource conservation",
keywords = "Matrix "
}

@article{Newman2006,
	author = {Newman, M. E. J.}, 
	title = {Modularity and community structure in networks},
	volume = {103}, 
	number = {23}, 
	pages = {8577-8582}, 
	year = {2006}, 
	doi = {10.1073/pnas.0601602103}, 
	URL = {http://www.pnas.org/content/103/23/8577.abstract}, 
	eprint = {http://www.pnas.org/content/103/23/8577.full.pdf}, 
	journal = {Proceedings of the National Academy of Sciences} 
}


@article{Urban2001,
	ISSN = {00129658},
	URL = {http://www.jstor.org/stable/2679983},
	author = {Dean Urban and Timothy Keitt},
	journal = {Ecology},
	number = {5},
	pages = {1205-1218},
	publisher = {Ecological Society of America},
	title = {Landscape Connectivity: A Graph-Theoretic Perspective},
	volume = {82},
	year = {2001}
}